@Article{AndrewsPollen1979,
  author =      {B. W. Andrews and D. A. Pollen},
  title =       {Relationship between Spatial-frequency Selectivity and Receptive-field Profile of Simple Cells},
  journal =     {Journal of Physiology},
  year =        {1979},
  volume =      {287},
  pages =       {163--176},
  pubmedurl =       {http://www.ncbi.nlm.nih.gov/pubmed/430391},
}

@Article{RoordaWilliams2002,
  author =      {A. Roorda and D. R. Williams},
  title =       {Optical fiber properties of individual human cones},
  journal =     {Journal of Vision},
  year =        {2002},
  volume =      {2},
  number =      {5},
  pages =       {404--412},
  pubmedurl =       {http://www.ncbi.nlm.nih.gov/pubmed/12678654},
  articleurl =       {http://journalofvision.org/2/5/4/},
  doi =       {10.1167/2.5.4}
}


